%%%%%%%%%%%%%%%%%%%%%%%%%%%%%%%%%%%%% MAIN CONF/JOUR  %%%%%%%%%%%%%%%%%%%%%%%%%%%%%%%%%%%%%

@string{nips = "Neur. Info. Proc. Sys. (NIPS)"}
@string{procieee = "Proc. IEEE"}
@string{jasa = "J.~Am.~Stat.~Assoc."}
@string{jass = "Journal of the American Statistical Society"}
@string{annprob = "Ann.~Prob."}
@string{aos = "Ann.~Stat."}
@string{aoas = "Ann.~Appl.~Stat."}
@string{jrssb = "J.~R.~Stat.~Soc.~B"}
@string{jejs = "Electron. J. Statist."}
@string{icml = "International Conference on Machine learning (ICML)"}
@string{aistats = "Inter. Conf. on AI and Statistics (AISTATS)"}
@string{uai = "Uncertainty in Artificial Intelligence (UAI)"}
@string{jmlr = "Journal of Machine Learning Research (JMLR)"}
@string{sinica="Stat. Sinica"}

%%%%%%%%%%%%%%%%%%%%%%%%%%%%%%%%%%%%% MISC   %%%%%%%%%%%%%%%%%%%%%%%%%%%%%%%%%%%%%

@string{vr = "Vision Research"}
@string{prsl = "Proceedings of the Royal Society of London"}
@string{jneuro = "J.~Neurosci."}
@string{jphysi = "Journal of Physiology"}
@string{josa = "Journal of the Optical Society of America"}
@string{cvgip = "Comp. Vis. Graphics Image Proc."}
@string{cgip = "Comp. Graphics Image Proc."}
@string{josa = "J. Opt. Soc. Am. A"}
@string{ijcv = "Intl. J. Comp. Vis."}
@string{bc = "Biol. Cybern."}
@string{pami = "IEEE Trans. {PAMI}"}
@string{ip = "IEEE Trans. Image. Proc."}
@string{ac = "IEEE Trans. Automatic Control"}
@string{sp = "IEEE Trans. Sig. Proc."}
@string{splet = "IEEE Signal Proc. Letters."}
@string{assp = "IEEE Trans. Acoust. Speech Signal Proc."}
@string{com = "IEEE Trans. Comm."}
@string{selcom = "IEEE Jour. Sel. Comm."}
@string{ieeeit = "IEEE Trans. Info. Theory"}
@string{cas = "IEEE Trans. Circuits and Systems"}
@string{smc = "IEEE Trans. SMC"}
@string{icassp = "Proc. {ICASSP}"}
@string{siggraph = "Proc. {ACM} {SIGGRAPH}"}
@string{jmultvar = "Journal of Multivariate Analysis"}
@string{siamjam = "SIAM J. Applied Mathematics"}
@string{siamjcont = "SIAM J. Control and Optimization"}
@string{siamjmanal = "SIAM J. Mathematical Analysis"}
@string{siamc = "SIAM J. Control"}
@string{siammatrix = "SIAM J. Matrix Anal. Appl."}
@string{jamss = "Journal of the American Statistical Society"}
@string{annprob = "Annals of Probability"}
@string{syscon = "Systems and Control Letters"}
@string{jroyalstat = "J. R. Stat. Soc. B"}
@string{cas = "IEEE Trans. Circuits and Systems"}
@string{smc = "IEEE Trans. SMC"}
@string{icassp = "Proc. {ICASSP}"}
@string{siggraph = "Proc. {ACM} {SIGGRAPH}"}

