
@Article{Zelst:GreatMeaning,
  author="Allert van Zelst and Tim C. W. Schenk",
  title="Some Paper of Great Meaning",
  journal="{IEEE} Journal of Great Work",
  year=2004,
  volume=52,
  issue=2
}

	
